<record><leader>00000cas a22000007a 4500</leader><controlfield tag="001">12877135</controlfield><controlfield tag="008">851206d19141927wvuwr ne      0   a0eng d</controlfield><datafield ind1=" " ind2=" " tag="010"><subfield code="a">sn 85059732 </subfield></datafield><datafield ind1=" " ind2=" " tag="040"><subfield code="a">WVC</subfield><subfield code="b">eng</subfield><subfield code="c">WVC</subfield><subfield code="d">DLC</subfield><subfield code="d">OCL</subfield><subfield code="d">OCLCQ</subfield><subfield code="d">NVK</subfield><subfield code="d">DLC</subfield><subfield code="d">OCLCF</subfield></datafield><datafield ind1="0" ind2=" " tag="022"><subfield code="a">2473-4896</subfield><subfield code="2">1</subfield></datafield><datafield ind1=" " ind2=" " tag="042"><subfield code="a">msc</subfield><subfield code="a">nsdp</subfield></datafield><datafield ind1=" " ind2=" " tag="043"><subfield code="a">n-us-wv</subfield></datafield><datafield ind1="0" ind2="0" tag="050"><subfield code="a">Newspaper</subfield></datafield><datafield ind1="1" ind2="0" tag="082"><subfield code="a">071</subfield><subfield code="2">23</subfield></datafield><datafield ind1="0" ind2=" " tag="130"><subfield code="a">Sunday telegram (Clarksburg, W. Va.)</subfield></datafield><datafield ind1=" " ind2="4" tag="222"><subfield code="a">The Sunday telegram</subfield><subfield code="b">(Clarksburg, W. Va. Print)</subfield></datafield><datafield ind1="1" ind2="4" tag="245"><subfield code="a">The Sunday telegram.</subfield></datafield><datafield ind1=" " ind2=" " tag="260"><subfield code="a">Clarksburg, W. Va. :</subfield><subfield code="b">Clarksburg Telegram Co.</subfield></datafield><datafield ind1=" " ind2=" " tag="300"><subfield code="a">v.</subfield></datafield><datafield ind1=" " ind2=" " tag="310"><subfield code="a">Weekly</subfield></datafield><datafield ind1="1" ind2=" " tag="362"><subfield code="a">Began in 1914?; ceased in 1927?</subfield></datafield><datafield ind1=" " ind2=" " tag="530"><subfield code="a">Archived issues are available in digital format from the Library of Congress Chronicling America online collection.</subfield></datafield><datafield ind1=" " ind2=" " tag="580"><subfield code="a">Issued also in daily eds. entitled: Clarksburg telegram, and: Daily telegram.</subfield></datafield><datafield ind1=" " ind2=" " tag="588"><subfield code="a">Description based on: Vol. 12, no. 29 (Apr. 25, 1926).</subfield></datafield><datafield ind1=" " ind2="0" tag="651"><subfield code="a">Clarksburg (W. Va.)</subfield><subfield code="v">Newspapers.</subfield></datafield><datafield ind1=" " ind2="7" tag="655"><subfield code="a">Newspapers.</subfield><subfield code="2">fast</subfield><subfield code="0">(OCoLC)fst01423814</subfield></datafield><datafield ind1=" " ind2="7" tag="651"><subfield code="a">West Virginia</subfield><subfield code="z">Clarksburg.</subfield><subfield code="2">fast</subfield><subfield code="0">(OCoLC)fst01217216</subfield></datafield><datafield ind1=" " ind2=" " tag="752"><subfield code="a">United States</subfield><subfield code="b">West Virginia</subfield><subfield code="c">Harrison</subfield><subfield code="d">Clarksburg.</subfield></datafield><datafield ind1="1" ind2=" " tag="775"><subfield code="t">Daily telegram (Clarksburg, W. Va.)</subfield><subfield code="w">(DLC)sn 85059715</subfield></datafield><datafield ind1="1" ind2=" " tag="775"><subfield code="t">Clarksburg telegram (Clarksburg, W. Va. : Daily)</subfield><subfield code="w">(DLC)sn 85059748</subfield></datafield><datafield ind1="0" ind2="8" tag="776"><subfield code="i">Online version:</subfield><subfield code="t">Sunday telegram (Clarksburg, W. Va.)</subfield><subfield code="x">2473-490X</subfield><subfield code="w">(DLC)  2016271149</subfield><subfield code="w">(OCoLC)953795010</subfield></datafield><datafield ind1="4" ind2="1" tag="856"><subfield code="u">http://chroniclingamerica.loc.gov/lccn/sn85059732/issues/</subfield></datafield></record>